<record><leader>00000cas a22000007a 4500</leader><controlfield tag="001">500918471</controlfield><controlfield tag="008">100119c20099999msucn n       0   a0eng  </controlfield><datafield ind1=" " ind2=" " tag="010"><subfield code="a">  2010204354</subfield></datafield><datafield ind1=" " ind2=" " tag="040"><subfield code="a">DLC</subfield><subfield code="b">eng</subfield><subfield code="c">DLC</subfield><subfield code="d">OCLCQ</subfield></datafield><datafield ind1=" " ind2=" " tag="012"><subfield code="m">1</subfield></datafield><datafield ind1="0" ind2=" " tag="022"><subfield code="a">2153-0459</subfield><subfield code="l">2153-0459</subfield><subfield code="2">1</subfield></datafield><datafield ind1=" " ind2=" " tag="032"><subfield code="a">146000</subfield><subfield code="b">USPS</subfield></datafield><datafield ind1=" " ind2=" " tag="037"><subfield code="b">Grenada Star, 50 Corporate Row, Grenada, MS 38901-2823</subfield></datafield><datafield ind1=" " ind2=" " tag="042"><subfield code="a">nsdp</subfield><subfield code="a">pcc</subfield></datafield><datafield ind1="1" ind2="0" tag="050"><subfield code="a">ISSN RECORD</subfield></datafield><datafield ind1="1" ind2="0" tag="082"><subfield code="a">051</subfield><subfield code="2">14</subfield></datafield><datafield ind1=" " ind2="0" tag="222"><subfield code="a">Grenada Star</subfield></datafield><datafield ind1="0" ind2="0" tag="245"><subfield code="a">Grenada Star.</subfield></datafield><datafield ind1=" " ind2=" " tag="260"><subfield code="a">Grenada, MS :</subfield><subfield code="b">Grenada Newspapers, Inc.</subfield></datafield><datafield ind1=" " ind2=" " tag="300"><subfield code="a">v.</subfield></datafield><datafield ind1=" " ind2=" " tag="310"><subfield code="a">Twice a week except New Year's Day, July 4, Memorial Day, Labor Day, Thanksgiving Day and Christmas Day.</subfield></datafield><datafield ind1="1" ind2=" " tag="362"><subfield code="a">Began with Oct. 2, 2009.</subfield></datafield><datafield ind1=" " ind2=" " tag="588"><subfield code="a">Description based on first issue (surrogate); title from caption.</subfield></datafield><datafield ind1="0" ind2="8" tag="776"><subfield code="i">Online version:</subfield><subfield code="a">Grenada Star</subfield></datafield><datafield ind1="4" ind2="1" tag="856"><subfield code="u">http://www.grenadastar.com</subfield></datafield></record>